% bibtex entry %%%%%%%%%%%%%%%%%%%%%%%%%%%%%

% article ==========
@Article{ArticleFormat,
	author = {Authorname Authorsurename},
	title = {The title of the article},
	journal = {The name of the journal},
	year = {year number},
	volume = {Volume},
	number = {Number},
	pages = {FirstPage--LastPage},
	month = {Month number},
	keywords = {article},
}

@Article{ExArticle,
	author = {Paul  J. Cohen and Paul  J. Cohen and Paul  J. Cohen and Paul  J. Cohen and Paul  J. Cohen and Paul  J. Cohen and Paul  J. Cohen},
	title = {The independence of the continuum hypothesis},
	journal = {Nattional Academy of Science},
	year = {1963},
	volume = {50},
	number = {6},
	pages = {1143--1148},
	keywords = {article},
}





% book ==========
@Book{BookFormat,
	author = {Authorname Authorsurename},
	title = {The title of the book},
	publisher = {The name of the publisher},
	year = {Year number},
	volume = {Volume},
	number = {Nomber},
	series = {Series},
	address = {The address},
	edition = {edition},
	month = {Month number},
	note = {An optional note},
	keywords = {book},
}

@Book{ExBook,
	author = {Leonard Susskind and George Hrabovsky},
	title = {Classical mechanics: the theoretical minimum},
	publisher = {Penguin Random House},
	year = {2014},
	address = {New York, NY},
	keywords = {book},
}



@Book{ExBookก,
	author = {{\thai กระทิง เขาใหญ่ และ กระซู่ เขาเขียว}},
	title = {Classical mechanics: the theoretical minimum},
	publisher = {Penguin Random House},
	year = {2014},
	address = {New York, NY},
	keywords = {bookth},
}


@Book{ExBookข,
	author = {{\thai ข้าวจ้าว เมืองนนท์ และ ปลาเก๋า อ่าวไทย}},
	title = {Classical mechanics: the theoretical minimum},
	publisher = {Penguin Random House},
	year = {2014},
	address = {New York, NY},
	keywords = {bookth},
}





% booklet ==========
@Booklet{BookletFormat,
	title = {The title of the booklet},
	author = {Authorname Authorsurename},
	howpublished = {How it was published},
	address = {The address of the publisher},
	month = {Month number},
	year = {Year number},
	note = {An optional note},
	keywords = {booklet},
}

@Booklet{ExBooklet,
	title = {Canoe tours in Sweden},
	author = {M. Swetla},
	howpublished = {Distributed at the Stockholm Tourist Office},
	month = {7},
	year = {2015},
	keywords = {booklet},
}





% inbook ==========
@InBook{InbookFormat,
	author = {Authorname Authorsurename},
	title = {The title of the book},
	chapter = {Chapter},
	publisher = {The name of the publisher},
	year = {Year number},
	volume = {Volume},
	series = {Series},
	address = {The adress of the publisher},
	edition = {edition},
	month = {Month number},
	pages = {FirstPage--LastPage},
	note = {An optioanal Note},
	keywords = {book},
}

@InBook{ExInbook,
	author = {Lisa A. Urry and Michael L. Cain and Steven A. Wasswrman and Peter V. Minorsky and Jane B. Reece},
	title = {Photosynthesis},
	publisher = {Pearson},
	year = {2016},
	address = {New York, NY},
	pages = {187--221},
	keywords = {book},
}




% incollection ==========
@InCollection{IncollectionFormat,
	author = {Authorname Authorsurename},
	title = {The title of the book chapter},
	booktitle = {The title of the book},
	pages = {FirstPage--LastPage},
	year = {Year number},
	editor = {Editorname Editorsurename},
	volume = {Volume},
	series = {Series},
	chapter = {Chapter},
	address = {The address of the publisher},
	edition = {edition},
	month = {Month number},
	note = {An optional note},
	keywords = {book},
}

@InCollection{ExIncollection,
	author = {Howard M. Shapiro},
	title = {Flow cytometry: The glass in half full},
	booktitle = {Flow Cytometry Protocols},
	pages = {1--10},
	publisher = {Springer},
	year = {2018},
	editor = {Teresa S. Hawley and Robert G. Hawley},
	address = {New York, NY},
	keywords = {book},
}




% Inproceedings ==========
@InProceedings{InproceedingsFormat,
	author = {Authorname Authorsurename},
	title = {The title of the conference paper},
	booktitle = {The title of the book},
	pages = {FirstPage--LagePage},
	year = {Year number},
	editor = {Editorname Editorsurename},
	volume = {Volume},
	series = {Series},
	address = {The address of the publisher},
	month = {Month number},
	organization = {The organization},
	publisher = {The publisher},
	note = {An optional note},
	keywords = {article},
}

@InProceedings{ExInproceedings,
	author = {Paul Holleis and Matthias Wagner and Johan Koolwaaij},
	title = {Studying mobile context-aware social services in the wild},
	booktitle = {Proc. of the 6th Nordic Conf. on Human-Computer Interaction},
	pages = {207--216},
	year = {2010},
	volume = {NordiCHI '10},
	address = {New York, NY, USA},
	organization = {ACM},
	keywords = {article},
}



% Manual ==========
@Manual{ManualFormat,
	title = {The title of the manual},
	author = {Authorname Authorsurename},
	organization = {The organization},
	address = {The address of the organization},
	edition = {edition},
	month = {Month number},
	year = {Year number},
	note = {An optional note},
	keywords = {manual},
}



@Manual{ExManual,
	title = {R: A Language and Environment for Statistical Computing},
	author = {R Core Team},
	organization = {R Foundation for Statistical Computing},
	address = {Vienna, Austria},
	year = {2018},
	keywords = {manual},
}








% Master's Thesis ==========
@MastersThesis{MastersThesisFormat,
	author = {Authorname Authorsurename},
	title = {The title of the thesis},
	school = {The school of the thesis},
	year = {Year number},
	address = {The address of the school},
	month = {Month number},
	note = {An optional note},
	keywords = {thesis},
}

@MastersThesis{ExMastersThesis,
	author = {Jian Tang},
	title = {Spin structuc of the nucleon in the asymptotic limit},
	school = {Massachusetts Institute of Technology},
	year = {1996},
	address = {Cambridge, MA},
	month = {9},
	keywords = {thesis},
}




% Phdthesis ==========
@PhdThesis{PhdThesisFormat,
	author = {Authorname Authorsurename},
	title = {The title of the thesis},
	school = {The school of the thesis},
	year = {Year number},
	address = {The adress of the shool},
	month = {Month number},
	note = {An optional note},
	keywords = {thesis},
}




@PhdThesis{ExPhdThesis,
	author = {Robert Charles Rempel},
	title = {Relaxation Effects for Coupled Nuclear Spins},
	school = {Standford University},
	year = {1956},
	address = {Standford, CA},
	month = {6},
	keywords = {thesis},
}





% Proceeding ==========
@Proceedings{ProceedingFormat,
	title = {The title of the proceedings},
	year = {Year number},
	editor = {Editorname Editorsurename},
	volume = {Volume},
	series = {Series},
	address = {The adress of the publisher},
	month = {Month number},
	organization = {The organization},
	publisher = {The name of the pulisher},
	note = {An optional note},
	keywords = {proceeding},
}

@Proceedings{ExProceeding,
	title = {Proceedings of the 17th International Conference on Computation and Natural Computation, Fontainebleau, France},
	year = {2018},
	editor = {Susan Stepney and Sergey Verlan},
	volume = {10867},
	series = {Lecture Note in Computer Science},
	address = {Cham, Switzerland},
	publisher = {Springer},
	keywords = {proceeding},
}




% Techreport
@TechReport{TechReportFormat,
	author = {Authorname Authorsurename},
	title = {The title of the report},
	institution = {The institution that published},
	year = {Year number},
	number = {Number},
	address = {The address of the publisher},
	month = {Month number},
	note = {An optional note},
	keywords = {report},
}



@TechReport{ExTechReport,
	author = {Vicki Bennett and Kate Bowman and Sarah Wright},
	title = {Wasatch Solar Project final report},
	institution = {Solt Lake City Corporation},
	year = {2018},
	number = {DOE-SLC-6903-1},
	address = {Solt Lake City, UT},
	month = {9},
	keywords = {report},
}



% Misc ==========
@Misc{MiscFormat,
	author = {Authorname Authorsurename},
	title = {The title of th miscellaneous entry},
	howpublished = {How it was published},
	month = {5},
	year = {2020},
	note = {An optional note},
	type = {miscellaneous},
	keywords = {miscellaneous},
}


@Misc{ExMisc,
	author = {NASA},
	title = {Pluto: The `other' red planet},
	howpublished = {\url{https://www.nasa.gov/nh/pluto-the-other-red-planet}},
	year = {2015},
	note = {Accessed: 2018-12-06},
	keywords = {electronicmedia},
}



% Unpublished
@Unpublished{UnpublishedFormat,
	author = {Authorname Authorsurename},
	title = {The title of the unpublished work},
	note = {An optional note},
	month = {Month number},
	year = {Yesr number},
	keywords = {unpublished},
}

@Unpublished{ExUnpublished,
	author = {M. Suresh},
	title = {Evolution: a revised theory},
	year = {2006},
	keywords = {unpublished},
}
